<?xml version="1.0" encoding="UTF-8"?><collection xmlns="http://www.loc.gov/MARC21/slim"><record><leader>00533nam--2200133-i-4500</leader><controlfield tag="001">000010961</controlfield><controlfield tag="002">20161230</controlfield><controlfield tag="005">20161230201029</controlfield><controlfield tag="008">060222s1000------------r-----000-0-eng-d</controlfield><datafield ind1=" " ind2=" " tag="080"><subfield code="a">546(043)</subfield></datafield><datafield ind1=" " ind2=" " tag="100"><subfield code="a">Boisot, Pierre</subfield></datafield><datafield ind1=" " ind2=" " tag="245"><subfield code="a">Etude par la reaction nucleaire o16 (d,p) o17 de la diffusion de l`oxygene dans le zirconium au cours de son oxydation a haute temperature et de ses relations avec la structure de la so lution solide. zr-o</subfield></datafield><datafield ind1=" " ind2=" " tag="260"><subfield code="a">Paris, Univ.De La Paris-sud, Centre D`Orsay, 1972. 374-386 P</subfield></datafield><datafield ind1=" " ind2=" " tag="852"><subfield code="a">543.063(043)</subfield></datafield></record></collection>